@article{yan2018identification,
  title={Identification of systems with slowly sampled outputs using LPV model},
  author={Yan, Wengang and Zhu, Yucai and Zhu, Lingyu and Liu, Xin},
  journal={Computers \& Chemical Engineering},
  volume={112},
  pages={316--330},
  year={2018},
  publisher={Elsevier}
}